<record xmlns="http://www.loc.gov/MARC21/slim" xmlns:xsi="http://www.w3.org/2001/XMLSchema-instance" xsi:schemaLocation="http://www.loc.gov/MARC21/slim http://www.loc.gov/standards/marcxml/schema/MARC21slim.xsd"><leader>02800nam a2200421   4500</leader><controlfield tag="001">2684285</controlfield><controlfield tag="003">NIC</controlfield><controlfield tag="006">m        d        </controlfield><controlfield tag="007">cr cn |||m|||a</controlfield><controlfield tag="008">150113q18961897ua      o     000 0 ara d</controlfield><datafield ind1=" " ind2=" " tag="040"><subfield code="a">NNU</subfield><subfield code="b">eng</subfield><subfield code="e">rda</subfield><subfield code="c">NNU</subfield></datafield><datafield ind1="1" ind2=" " tag="100"><subfield code="6">880-01</subfield><subfield code="a">S&#803;abba&#772;n, Muh&#803;ammad ibn &#699;Ali&#772;,</subfield><subfield code="d">-1791 or 1792.</subfield></datafield><datafield ind1="1" ind2="0" tag="245"><subfield code="6">880-02</subfield><subfield code="a">H&#803;a&#772;shiyat al-&#699;alla&#772;mah al-S&#803;abba&#772;n &#699;ala&#769; sharh&#803; al-al-Ushmu&#772;ni&#772; &#699;ala&#769; Alfi&#772;yat al-ima&#772;m Ibn Ma&#772;lik fi&#772; al-nah&#803;w wa-als&#803;arf. Wa-biha&#772;mishihi Sharh&#803; al-al-Ushmu&#772;ni&#772; ma&#699;a ba&#699;d&#803; taqri&#772;ra&#772;t Ah&#803;mad al-Rifa&#772;&#699;i&#772;.</subfield></datafield><datafield ind1=" " ind2=" " tag="260"><subfield code="6">880-03</subfield><subfield code="a">[al-Qa&#772;hirah] :</subfield><subfield code="b">[al-Mat&#803;ba&#699;ah al-Maymani&#772;yah],</subfield><subfield code="c">[1896 or 7]</subfield></datafield><datafield ind1=" " ind2=" " tag="300"><subfield code="a">online resource (4 volumes in 2.)</subfield></datafield><datafield ind1=" " ind2=" " tag="336"><subfield code="a">text</subfield><subfield code="2">rdacontent</subfield></datafield><datafield ind1=" " ind2=" " tag="337"><subfield code="a">computer</subfield><subfield code="2">rdamedia</subfield></datafield><datafield ind1=" " ind2=" " tag="338"><subfield code="a">online resource</subfield><subfield code="2">rdacarrier</subfield></datafield><datafield ind1=" " ind2=" " tag="500"><subfield code="a">Part of the Arabic Collections Online (ACO) project, contributed by Cornell University Libraries.</subfield></datafield><datafield ind1=" " ind2=" " tag="533"><subfield code="a">Electronic reproduction.</subfield><subfield code="b">New York, N.Y. :</subfield><subfield code="c">New York University,</subfield><subfield code="d">2015.</subfield><subfield code="5">NNU</subfield></datafield><datafield ind1="1" ind2="0" tag="600"><subfield code="6">880-04</subfield><subfield code="a">Ibn Ma&#772;lik, Muh&#803;ammad ibn &#699;Abd Alla&#772;h,</subfield><subfield code="d">-1274.</subfield><subfield code="t">Alfi&#772;yah.</subfield></datafield><datafield ind1=" " ind2="0" tag="650"><subfield code="a">Arabic language</subfield><subfield code="x">Grammar.</subfield></datafield><datafield ind1="0" ind2="7" tag="630"><subfield code="a">Alfi&#772;yah (Ibn Ma&#772;lik, Muh&#803;ammad ibn &#699;Abd Alla&#772;h)</subfield><subfield code="2">fast</subfield><subfield code="0">(OCoLC)fst01360506</subfield></datafield><datafield ind1=" " ind2="7" tag="650"><subfield code="a">Arabic language</subfield><subfield code="x">Grammar.</subfield><subfield code="2">fast</subfield><subfield code="0">(OCoLC)fst00812341</subfield></datafield><datafield ind1="1" ind2=" " tag="700"><subfield code="6">880-05</subfield><subfield code="a">Rifa&#772;&#699;i&#772;, Ah&#803;mad.</subfield></datafield><datafield ind1="1" ind2=" " tag="700"><subfield code="6">880-06</subfield><subfield code="a">Ushmu&#772;ni&#772;, &#699;Ali&#772; ibn Muh&#803;ammad,</subfield><subfield code="d">1435-1494 or 1495.</subfield><subfield code="t">Manhaj al-sa&#772;lik ila&#769; Alfi&#772;yat Ibn Ma&#772;lik.</subfield></datafield><datafield ind1="2" ind2=" " tag="710"><subfield code="a">Cornell University.</subfield><subfield code="b">Libraries.</subfield></datafield><datafield ind1="0" ind2=" " tag="730"><subfield code="a">Arabic Collections Online.</subfield></datafield><datafield ind1="0" ind2="8" tag="776"><subfield code="i">Print version:</subfield><subfield code="a">S&#803;abba&#772;n, Muh&#803;ammad ibn &#699;Ali&#772;, -1791 or 1792.</subfield><subfield code="t">H&#803;a&#772;shiyat al-&#699;alla&#772;mah al-S&#803;abba&#772;n &#699;ala&#769; sharh&#803; al-al-Ushmu&#772;ni&#772; &#699;ala&#769; Alfi&#772;yat al-ima&#772;m Ibn Ma&#772;lik fi&#772; al-nah&#803;w wa-als&#803;arf. Wa-biha&#772;mishihi Sharh&#803; al-al-Ushmu&#772;ni&#772; ma&#699;a ba&#699;d&#803; taqri&#772;ra&#772;t Ah&#803;mad al-Rifa&#772;&#699;i&#772;</subfield><subfield code="w">(NIC)2684285</subfield><subfield code="w">(OCoLC)63881222</subfield></datafield><datafield ind1="4" ind2="0" tag="856"><subfield code="u">http://hdl.handle.net/2333.1/9w0vt6js</subfield></datafield><datafield ind1="1" ind2=" " tag="880"><subfield code="6">100-01/r</subfield><subfield code="a">&#1589;&#1576;&#1575;&#1606;&#1548; &#1605;&#1581;&#1605;&#1583; &#1576;&#1606; &#1593;&#1604;&#1610;&#1548;</subfield><subfield code="d">-1791 or 1792.</subfield></datafield><datafield ind1="1" ind2="0" tag="880"><subfield code="6">245-02/r</subfield><subfield code="a">&#1581;&#1575;&#1588;&#1610;&#1577; &#1575;&#1604;&#1593;&#1604;&#1575;&#1605;&#1577; &#1575;&#1604;&#1589;&#1576;&#1575;&#1606; &#1593;&#1604;&#1609; &#1588;&#1585;&#1581; &#1575;&#1604;&#1604;&#1575;&#1588;&#1605;&#1608;&#1606;&#1610; &#1593;&#1604;&#1609; &#1575;&#1604;&#1601;&#1610;&#1577; &#1575;&#1604;&#1575;&#1605;&#1575;&#1605; &#1575;&#1576;&#1606; &#1605;&#1575;&#1604;&#1603; &#1601;&#1610; &#1575;&#1604;&#1606;&#1581;&#1608; &#1608;&#1575;&#1604;&#1589;&#1585;&#1601;. &#1608;&#1576;&#1607;&#1575;&#1605;&#1588;&#1607; &#1588;&#1585;&#1581; &#1575;&#1604;&#1604;&#1575;&#1588;&#1605;&#1608;&#1606;&#1610; &#1605;&#1593; &#1576;&#1593;&#1590; &#1578;&#1602;&#1585;&#1610;&#1585;&#1575;&#1578; &#1575;&#1581;&#1605;&#1583; &#1575;&#1604;&#1585;&#1601;&#1575;&#1593;&#1610;.</subfield></datafield><datafield ind1=" " ind2=" " tag="880"><subfield code="6">260-03/r</subfield><subfield code="a">[&#1575;&#1604;&#1602;&#1575;&#1607;&#1585;&#1577;] :</subfield><subfield code="b">[&#1575;&#1604;&#1605;&#1591;&#1576;&#1593;&#1577; &#1575;&#1604;&#1605;&#1610;&#1605;&#1606;&#1610;&#1577;]&#1548;</subfield><subfield code="c">[1896 or 7]</subfield></datafield><datafield ind1="1" ind2="4" tag="880"><subfield code="6">600-04/r</subfield><subfield code="a">&#1575;&#1576;&#1606; &#1605;&#1575;&#1604;&#1603;&#1548; &#1605;&#1581;&#1605;&#1583; &#1576;&#1606; &#1593;&#1576;&#1583; &#1575;&#1604;&#1604;&#1607;&#1548;</subfield><subfield code="d">1274.</subfield><subfield code="t">&#1575;&#1604;&#1601;&#1610;&#1577;.</subfield></datafield><datafield ind1="1" ind2=" " tag="880"><subfield code="6">700-05/r</subfield><subfield code="a">&#1585;&#1601;&#1575;&#1593;&#1610;&#1548; &#1575;&#1581;&#1605;&#1583;.</subfield></datafield><datafield ind1="1" ind2=" " tag="880"><subfield code="6">700-06/r</subfield><subfield code="a">&#1575;&#1588;&#1605;&#1608;&#1606;&#1610;&#1548; &#1593;&#1604;&#1610; &#1576;&#1606; &#1605;&#1581;&#1605;&#1583;&#1548; 1435-1494 or 1495.</subfield><subfield code="t">&#1605;&#1606;&#1607;&#1580; &#1575;&#1604;&#1587;&#1575;&#1604;&#1603; &#1575;&#1604;&#1609; &#1575;&#1604;&#1601;&#1610;&#1577; &#1575;&#1576;&#1606; &#1605;&#1575;&#1604;&#1603;.</subfield></datafield><datafield ind1=" " ind2=" " tag="959"><subfield code="a">NNU</subfield><subfield code="b">WEB</subfield><subfield code="c">GENI</subfield><subfield code="t">0</subfield><subfield code="m">Electronic access</subfield><subfield code="s">01</subfield></datafield><datafield ind1=" " ind2=" " tag="999"><subfield code="i">NIC_2684285</subfield><subfield code="o">(OCoLC)ocm63881222</subfield></datafield></record>